@book{krug06,
    author    = "Krug S.",
    title     = "Donâ€™t Make Me Think: A Common Sense Approach to Web Usability",
    publisher = "Berkeley, CA: New Riders",
    year      = "2006"
}

@article{miller56,
	author	= "Miller, G. A.",
	title	= "The Magical Number Seven, Plus or Minus Two: Some Limits on our Capacity for Processing Information",
	journal	= "Psychological Review",
	year	= "1956"
}
